<record><leader>00000cas a2200000 i 4500</leader><controlfield tag="001">934730335</controlfield><controlfield tag="008">160114c19019999nbucr ne      0    0eng c</controlfield><datafield ind1=" " ind2=" " tag="010"><subfield code="a">sn2016270206</subfield></datafield><datafield ind1=" " ind2=" " tag="040"><subfield code="a">LDL</subfield><subfield code="b">eng</subfield><subfield code="e">rda</subfield><subfield code="c">LDL</subfield><subfield code="d">OCLCF</subfield><subfield code="d">LDL</subfield></datafield><datafield ind1="0" ind2="4" tag="245"><subfield code="a">The Plattsmouth journal.</subfield></datafield><datafield ind1="1" ind2="7" tag="246"><subfield code="a">Plattsmouth semi-weekly journal</subfield><subfield code="f">1914-1942</subfield></datafield><datafield ind1=" " ind2="1" tag="264"><subfield code="a">Plattsmouth, Nebraska :</subfield><subfield code="b">Charles B. Mann and W.K. Fox,</subfield><subfield code="c">1901-</subfield></datafield><datafield ind1=" " ind2=" " tag="300"><subfield code="a">volumes</subfield></datafield><datafield ind1=" " ind2=" " tag="310"><subfield code="a">Semiweekly,</subfield><subfield code="b">January 2, 1908-</subfield></datafield><datafield ind1=" " ind2=" " tag="321"><subfield code="a">Weekly,</subfield><subfield code="b">July 12, 1901-December 26, 1907</subfield></datafield><datafield ind1=" " ind2=" " tag="336"><subfield code="a">text</subfield><subfield code="b">txt</subfield><subfield code="2">rdacontent</subfield></datafield><datafield ind1=" " ind2=" " tag="337"><subfield code="a">unmediated</subfield><subfield code="b">n</subfield><subfield code="2">rdamedia</subfield></datafield><datafield ind1=" " ind2=" " tag="338"><subfield code="a">volume</subfield><subfield code="b">nc</subfield><subfield code="2">rdacarrier</subfield></datafield><datafield ind1="0" ind2=" " tag="362"><subfield code="a">Vol. 21, no. 28 (July 12, 1901)-</subfield></datafield><datafield ind1=" " ind2=" " tag="580"><subfield code="a">Absorbed: Plattsmouth news-herald, 1912; Nehawka enterprise, 1952; Elmwood leader-echo, 1953; Weeping Water Republican, 1986; and Louisville messenger, 1986.</subfield></datafield><datafield ind1=" " ind2=" " tag="580"><subfield code="a">Other editions.: Plattsmouth daily journal (Plattsmouth, Neb. : 1902), 1902; Evening journal (Plattsmouth, Neb.), 1902-&lt;1913&gt;; Plattsmouth evening journal, &lt;1916-1942&gt;; and Plattsmouth daily journal (Plattsmouth, Neb. : 1949), 1949.</subfield></datafield><datafield ind1=" " ind2=" " tag="588"><subfield code="a">Description based on: Vol. 21, no. 28 (July 12, 1901); title from masthead.</subfield></datafield><datafield ind1=" " ind2=" " tag="588"><subfield code="a">Latest issue consulted: Vol. no. 55 (Sept. 28, 1939)</subfield></datafield><datafield ind1=" " ind2="0" tag="651"><subfield code="a">Cass County (Neb.)</subfield><subfield code="v">Newspapers.</subfield></datafield><datafield ind1=" " ind2="7" tag="651"><subfield code="a">Nebraska</subfield><subfield code="z">Cass County.</subfield><subfield code="2">fast</subfield><subfield code="0">(OCoLC)fst01221880</subfield></datafield><datafield ind1=" " ind2="7" tag="655"><subfield code="a">Newspapers.</subfield><subfield code="2">fast</subfield><subfield code="0">(OCoLC)fst01423814</subfield></datafield><datafield ind1=" " ind2=" " tag="752"><subfield code="a">United States</subfield><subfield code="b">Nebraska</subfield><subfield code="c">Cass</subfield><subfield code="d">Plattsmouth.</subfield></datafield><datafield ind1="1" ind2=" " tag="775"><subfield code="t">Plattsmouth daily journal (Plattsmouth, Neb. : 1902)</subfield></datafield><datafield ind1="1" ind2=" " tag="775"><subfield code="t">Evening journal (Plattsmouth, Neb.)</subfield><subfield code="w">(DLC)sn2016270209</subfield></datafield><datafield ind1="1" ind2=" " tag="775"><subfield code="t">Plattsmouth evening journal</subfield></datafield><datafield ind1="1" ind2=" " tag="775"><subfield code="t">Plattsmouth daily journal (Plattsmouth, Neb. : 1949)</subfield></datafield><datafield ind1="0" ind2="0" tag="780"><subfield code="t">Plattsmouth weekly journal</subfield><subfield code="w">(DLC)sn2016270207</subfield></datafield><datafield ind1="1" ind2="5" tag="780"><subfield code="t">Plattsmouth news-herald</subfield><subfield code="w">(DLC)sn2016270208</subfield></datafield><datafield ind1="1" ind2="5" tag="780"><subfield code="t">Nehawka enterprise</subfield></datafield><datafield ind1="1" ind2="5" tag="780"><subfield code="t">Elmwood leader-echo</subfield></datafield><datafield ind1="1" ind2="5" tag="780"><subfield code="t">Weeping Water Republican</subfield></datafield><datafield ind1="1" ind2="5" tag="780"><subfield code="t">Louisville messenger</subfield></datafield></record>